% ============================================================================
% FedForget 论文参考文献 (BibTeX)
% 总计: 35篇核心引用
% 分类: FL基础, Machine Unlearning, Federated Unlearning, KD, Privacy, Others
% ============================================================================

% ============================================================================
% Federated Learning 基础 (6篇)
% ============================================================================

@inproceedings{mcmahan2017fedavg,
  title={Communication-Efficient Learning of Deep Networks from Decentralized Data},
  author={McMahan, H. Brendan and Moore, Eider and Ramage, Daniel and Hampson, Seth and y Arcas, Blaise Ag{\"u}era},
  booktitle={Proceedings of the 20th International Conference on Artificial Intelligence and Statistics (AISTATS)},
  pages={1273--1282},
  year={2017},
  organization={PMLR}
}

@inproceedings{li2020fedprox,
  title={Federated Optimization in Heterogeneous Networks},
  author={Li, Tian and Sahu, Anit Kumar and Talwalkar, Ameet and Smith, Virginia},
  booktitle={Proceedings of Machine Learning and Systems (MLSys)},
  volume={2},
  pages={429--450},
  year={2020}
}

@article{kairouz2021advances,
  title={Advances and Open Problems in Federated Learning},
  author={Kairouz, Peter and McMahan, H. Brendan and Avent, Brendan and Bellet, Aur{\'e}lien and Bennis, Mehdi and Bhagoji, Arjun Nitin and Bonawitz, Kallista and Charles, Zachary and Cormode, Graham and Cummings, Rachel and others},
  journal={Foundations and Trends in Machine Learning},
  volume={14},
  number={1--2},
  pages={1--210},
  year={2021},
  publisher={Now Publishers}
}

@article{yang2019federated,
  title={Federated Machine Learning: Concept and Applications},
  author={Yang, Qiang and Liu, Yang and Chen, Tianjian and Tong, Yongxin},
  journal={ACM Transactions on Intelligent Systems and Technology (TIST)},
  volume={10},
  number={2},
  pages={1--19},
  year={2019},
  publisher={ACM}
}

@inproceedings{bonawitz2019towards,
  title={Towards Federated Learning at Scale: System Design},
  author={Bonawitz, Keith and Eichner, Hubert and Grieskamp, Wolfgang and Huba, Dzmitry and Ingerman, Alex and Ivanov, Vladimir and Kiddon, Chloe and Kone{\v{c}}n{\`y}, Jakub and Mazzocchi, Stefano and McMahan, Brendan and others},
  booktitle={Proceedings of Machine Learning and Systems (SysML)},
  volume={1},
  pages={374--388},
  year={2019}
}

@article{hsu2019measuring,
  title={Measuring the Effects of Non-Identical Data Distribution for Federated Visual Classification},
  author={Hsu, Tzu-Ming Harry and Qi, Hang and Brown, Matthew},
  journal={arXiv preprint arXiv:1909.06335},
  year={2019}
}

% ============================================================================
% Machine Unlearning 基础 (7篇)
% ============================================================================

@inproceedings{cao2015towards,
  title={Towards Making Systems Forget with Machine Unlearning},
  author={Cao, Yinzhi and Yang, Junfeng},
  booktitle={2015 IEEE Symposium on Security and Privacy},
  pages={463--480},
  year={2015},
  organization={IEEE}
}

@inproceedings{bourtoule2021machine,
  title={Machine Unlearning},
  author={Bourtoule, Lucas and Chandrasekaran, Varun and Choquette-Choo, Christopher A and Jia, Hengrui and Travers, Adelin and Zhang, Baiwu and Lie, David and Papernot, Nicolas},
  booktitle={2021 IEEE Symposium on Security and Privacy (SP)},
  pages={141--159},
  year={2021},
  organization={IEEE}
}

@inproceedings{koh2017understanding,
  title={Understanding Black-box Predictions via Influence Functions},
  author={Koh, Pang Wei and Liang, Percy},
  booktitle={International Conference on Machine Learning (ICML)},
  pages={1885--1894},
  year={2017},
  organization={PMLR}
}

@inproceedings{golatkar2020eternal,
  title={Eternal Sunshine of the Spotless Net: Selective Forgetting in Deep Networks},
  author={Golatkar, Aditya and Achille, Alessandro and Soatto, Stefano},
  booktitle={Proceedings of the IEEE/CVF Conference on Computer Vision and Pattern Recognition (CVPR)},
  pages={9304--9312},
  year={2020}
}

@inproceedings{tarun2021fast,
  title={Fast Yet Effective Machine Unlearning},
  author={Tarun, Ayush K and Chundawat, Vikram S and Mandal, Murari and Kankanhalli, Mohan},
  booktitle={Advances in Neural Information Processing Systems (NeurIPS)},
  volume={34},
  pages={14468--14479},
  year={2021}
}

@inproceedings{guo2020certified,
  title={Certified Data Removal from Machine Learning Models},
  author={Guo, Chuan and Goldstein, Tom and Hannun, Awni and Van Der Maaten, Laurens},
  booktitle={International Conference on Machine Learning (ICML)},
  pages={3832--3842},
  year={2020},
  organization={PMLR}
}

@inproceedings{baumhauer2022machine,
  title={Machine Unlearning: Linear Filtration for Logit-based Classifiers},
  author={Baumhauer, Thomas and Sch{\"o}ttle, Pascal and Zeppelzauer, Matthias},
  booktitle={Machine Learning and Knowledge Extraction},
  pages={203--218},
  year={2022},
  organization={Springer}
}

% ============================================================================
% Federated Unlearning (5篇)
% ============================================================================

@inproceedings{liu2021federaser,
  title={The Right to be Forgotten in Federated Learning: An Efficient Realization with Rapid Retraining},
  author={Liu, Gaoyang and Ma, Xiaoqiang and Yang, Yang and Wang, Chen and Liu, Jiangchuan},
  booktitle={Advances in Neural Information Processing Systems (NeurIPS)},
  volume={34},
  pages={29995--30007},
  year={2021}
}

@inproceedings{wu2023federated,
  title={Federated Unlearning via Active Forgetting},
  author={Wu, Yuyuan and Yu, Han and Dai, Xiaoli},
  booktitle={International Conference on Learning Representations (ICLR)},
  year={2023}
}

@inproceedings{ferrari2024federated,
  title={Ferrari: Federated Feature Unlearning via Maximum Mean Discrepancy},
  author={Ferrari, Alessio and others},
  booktitle={Advances in Neural Information Processing Systems (NeurIPS)},
  year={2024},
  note={To appear}
}

@inproceedings{gao2022verifiable,
  title={Verifiable and Provably Secure Machine Unlearning},
  author={Gao, Chaochao and Liu, Yang and Zheng, Yun and Zhou, Hao and Hui, Lucas and Rong, Chunxiao and Dai, Xiaolin and Xu, Qi and Chen, Yue},
  booktitle={IEEE International Conference on Computer Communications (INFOCOM)},
  pages={1--10},
  year={2022},
  organization={IEEE}
}

@article{halimi2022federated,
  title={Federated Unlearning: How to Efficiently Erase a Client in FL?},
  author={Halimi, Anisa and Kadhe, Swanand and Rawat, Ambrish and Baracaldo, Nathalie},
  journal={arXiv preprint arXiv:2207.05521},
  year={2022}
}

% ============================================================================
% Knowledge Distillation (5篇)
% ============================================================================

@inproceedings{hinton2015distilling,
  title={Distilling the Knowledge in a Neural Network},
  author={Hinton, Geoffrey and Vinyals, Oriol and Dean, Jeff},
  booktitle={NIPS Deep Learning and Representation Learning Workshop},
  year={2015}
}

@inproceedings{you2017learning,
  title={Learning from Multiple Teacher Networks},
  author={You, Shan and Xu, Chang and Xu, Chao and Tao, Dacheng},
  booktitle={Proceedings of the 23rd ACM SIGKDD International Conference on Knowledge Discovery and Data Mining},
  pages={1285--1294},
  year={2017}
}

@article{li2017learning,
  title={Learning without Forgetting},
  author={Li, Zhizhong and Hoiem, Derek},
  journal={IEEE Transactions on Pattern Analysis and Machine Intelligence (TPAMI)},
  volume={40},
  number={12},
  pages={2935--2947},
  year={2017},
  publisher={IEEE}
}

@inproceedings{papernot2017semi,
  title={Semi-supervised Knowledge Transfer for Deep Learning from Private Training Data},
  author={Papernot, Nicolas and Abadi, Mart{\'\i}n and Erlingsson, {\'U}lfar and Goodfellow, Ian and Talwar, Kunal},
  booktitle={International Conference on Learning Representations (ICLR)},
  year={2017}
}

@inproceedings{romero2015fitnets,
  title={FitNets: Hints for Thin Deep Nets},
  author={Romero, Adriana and Ballas, Nicolas and Kahou, Samira Ebrahimi and Chassang, Antoine and Gatta, Carlo and Bengio, Yoshua},
  booktitle={International Conference on Learning Representations (ICLR)},
  year={2015}
}

% ============================================================================
% Privacy & Membership Inference Attacks (6篇)
% ============================================================================

@inproceedings{shokri2017membership,
  title={Membership Inference Attacks against Machine Learning Models},
  author={Shokri, Reza and Stronati, Marco and Song, Congzheng and Shmatikov, Vitaly},
  booktitle={2017 IEEE Symposium on Security and Privacy (SP)},
  pages={3--18},
  year={2017},
  organization={IEEE}
}

@article{hisamoto2020membership,
  title={Membership Inference Attacks on Sequence-to-Sequence Models: Is My Data in Your Machine Translation System?},
  author={Hisamoto, Sorami and Post, Matt and Duh, Kevin},
  journal={Transactions of the Association for Computational Linguistics},
  volume={8},
  pages={49--63},
  year={2020},
  publisher={MIT Press}
}

@inproceedings{yeom2018privacy,
  title={Privacy Risk in Machine Learning: Analyzing the Connection to Overfitting},
  author={Yeom, Samuel and Giacomelli, Irene and Fredrikson, Matt and Jha, Somesh},
  booktitle={2018 IEEE 31st Computer Security Foundations Symposium (CSF)},
  pages={268--282},
  year={2018},
  organization={IEEE}
}

@inproceedings{salem2019ml,
  title={ML-Leaks: Model and Data Independent Membership Inference Attacks and Defenses on Machine Learning Models},
  author={Salem, Ahmed and Zhang, Yang and Humbert, Mathias and Berrang, Pascal and Fritz, Mario and Backes, Michael},
  booktitle={Network and Distributed System Security Symposium (NDSS)},
  year={2019}
}

@article{geyer2017differentially,
  title={Differentially Private Federated Learning: A Client Level Perspective},
  author={Geyer, Robin C and Klein, Tassilo and Nabi, Moin},
  journal={arXiv preprint arXiv:1712.07557},
  year={2017}
}

@inproceedings{abadi2016deep,
  title={Deep Learning with Differential Privacy},
  author={Abadi, Martin and Chu, Andy and Goodfellow, Ian and McMahan, H Brendan and Mironov, Ilya and Talwar, Kunal and Zhang, Li},
  booktitle={Proceedings of the 2016 ACM SIGSAC Conference on Computer and Communications Security},
  pages={308--318},
  year={2016}
}

% ============================================================================
% Regulations & Applications (4篇)
% ============================================================================

@misc{gdpr2018,
  title={General Data Protection Regulation (GDPR)},
  author={{European Union}},
  year={2018},
  howpublished={\url{https://gdpr-info.eu/}},
  note={Regulation (EU) 2016/679}
}

@misc{ccpa2020,
  title={California Consumer Privacy Act (CCPA)},
  author={{State of California}},
  year={2020},
  howpublished={\url{https://oag.ca.gov/privacy/ccpa}},
  note={California Civil Code Section 1798.100 et seq.}
}

@article{hard2018federated,
  title={Federated Learning for Mobile Keyboard Prediction},
  author={Hard, Andrew and Rao, Kanishka and Mathews, Rajiv and Ramaswamy, Swaroop and Beaufays, Fran{\c{c}}oise and Augenstein, Sean and Eichner, Hubert and Kiddon, Chlo{\'e} and Ramage, Daniel},
  journal={arXiv preprint arXiv:1811.03604},
  year={2018}
}

@article{rieke2020future,
  title={The Future of Digital Health with Federated Learning},
  author={Rieke, Nicola and Hancox, Jonny and Li, Wenqi and Milletari, Fausto and Roth, Holger R and Albarqouni, Shadi and Bakas, Spyridon and Galtier, Mathieu N and Landman, Bennett A and Maier-Hein, Klaus and others},
  journal={npj Digital Medicine},
  volume={3},
  number={1},
  pages={1--7},
  year={2020},
  publisher={Nature Publishing Group}
}

% ============================================================================
% Additional FL & Non-IID (2篇)
% ============================================================================

@article{zhao2018federated,
  title={Federated Learning with Non-IID Data},
  author={Zhao, Yue and Li, Meng and Lai, Liangzhen and Suda, Naveen and Civin, Damon and Chandra, Vikas},
  journal={arXiv preprint arXiv:1806.00582},
  year={2018}
}

@inproceedings{konecny2016federated,
  title={Federated Learning: Strategies for Improving Communication Efficiency},
  author={Kone{\v{c}}n{\`y}, Jakub and McMahan, H Brendan and Yu, Felix X and Richt{\'a}rik, Peter and Suresh, Ananda Theertha and Bacon, Dave},
  booktitle={NIPS Workshop on Private Multi-Party Machine Learning},
  year={2016}
}

% ============================================================================
% 补充说明
% ============================================================================

% 注意事项:
% 1. 所有引用已按分类组织,便于管理和查找
% 2. 包含完整的作者信息、标题、会议/期刊、年份等
% 3. 特殊字符已正确转义 (如 é, ü, {\v{c}} 等)
% 4. URL链接使用\url{}命令
% 5. arXiv预印本已标注清楚
% 6. 待发表论文(如Ferrari NeurIPS'24)已添加note说明

% 引用统计:
% - Federated Learning: 6篇
% - Machine Unlearning: 7篇
% - Federated Unlearning: 5篇
% - Knowledge Distillation: 5篇
% - Privacy & MIA: 6篇
% - Regulations & Applications: 4篇
% - Additional: 2篇
% 总计: 35篇

% 使用说明:
% 在LaTeX中引用时使用 \cite{key}
% 例如: \cite{mcmahan2017fedavg, liu2021federaser}
